%source = https://it.sharelatex.com/learn/Bibliography_management_with_bibtex#Bibliography_management_with_Bibtex
@phdthesis{leinbergerphdthesis,
  title  = {Type-safe Programming for the Semantic Web},
  author = {Leinberger, Martin Gerhard},
  year   = {2020},
  school = {Universit{\"a}t Koblenz-Landau}
}

%%%%%%%%%%%%%% STATE OF ART / PRELIMINARIES %%%%%%%%%%%%%%
@article{berners2001semantic,
  title     = {The Semantic Web},
  author    = {Berners-Lee, Tim and Hendler, James and Lassila, Ora},
  journal   = {Scientific American},
  volume    = {284},
  number    = {5},
  pages     = {34--43},
  year      = {2001},
  publisher = {JSTOR}
}

@book{staab2010handbook,
  title     = {Handbook on Ontologies},
  author    = {Staab, Steffen and Studer, Rudi},
  year      = {2010},
  publisher = {Springer Science \& Business Media}
}

@inproceedings{katsumi2016ontology,
  title     = {What is ontology reuse?},
  author    = {Katsumi, Megan and Gr{\"u}ninger, Michael},
  booktitle = {FOIS},
  pages     = {9--22},
  year      = {2016}
}

@article{hitzler2021review,
  title     = {A Review Of The Semantic Web Field},
  author    = {Hitzler, Pascal},
  journal   = {Communications of the ACM},
  volume    = {64},
  number    = {2},
  pages     = {76--83},
  year      = {2021},
  publisher = {ACM New York, NY, USA}
}

@book{o2008real,
  title     = {Real World Haskell: Code you can believe in},
  author    = {O'Sullivan, Bryan and Goerzen, John and Stewart, Donald Bruce},
  year      = {2008},
  publisher = {" O'Reilly Media, Inc."}
}

@article{ehrlinger2016towards,
	title={Towards a Definition of Knowledge Graphs},
	author={Ehrlinger, Lisa and W{\"o}{\ss}, Wolfram},
	journal={SEMANTiCS (Posters, Demos, SuCCESS)},
	volume={48},
	number={1-4},
	pages={2},
	year={2016}
}

%IMPLEMENTATION
@misc{DLQueryExample,
  title         = {DLQueryExample}
  author        = {Matthew Horridge},
  year          = {2010},
  note          = {https://github.com/phillord/owl-api/blob/b2a5bfb9a0c6730c8ff950776af8f9bf19c78eac/contract/src/test/java/org/coode/owlapi/examples/DLQueryExample.java}
}

@misc{HermiT ,
      author      = {UNIVERSITY OF OXFORD},
      title       = {HermiT},
      note        = {http://www.hermit-reasoner.com/}
}

@inproceedings{ManchesterOWLSyntax,
  author        = {Matthew Horridge, Nick Drummond,
                    John Goodwin, Alan Rector, 
                    Robert Stevens, and Hai H Wang},
  title         = {The Manchester OWL Syntax},
  note          = 
  {https://ceur-ws.org/Vol-216/submission\_9.pdf}
}