%source = https://it.sharelatex.com/learn/Bibliography_management_with_bibtex#Bibliography_management_with_Bibtex
@phdthesis{leinbergerphdthesis,
  title  = {Type-safe Programming for the Semantic Web},
  author = {Leinberger, Martin Gerhard},
  year   = {2020},
  school = {Universit{\"a}t Koblenz-Landau}
}


@article{berners2001semantic,
  title     = {The Semantic Web},
  author    = {Berners-Lee, Tim and Hendler, James and Lassila, Ora},
  journal   = {Scientific American},
  volume    = {284},
  number    = {5},
  pages     = {34--43},
  year      = {2001},
  publisher = {JSTOR}
}


 
@misc{knuthwebsite,
  author    = {Donald Knuth},
  title     = {Knuth: Computers and Typesetting},
  url       = {http://www-cs-faculty.stanford.edu/\~{}uno/abcde.html},
  journal   = {Scientific American},
  volume    = {284},
  number    = {5},
  pages     = {34--43},
  year      = {2001},
  publisher = {JSTOR}
}